<?xml version="1.0" encoding="UTF-8"?><collection xmlns="http://www.loc.gov/MARC21/slim"><record><leader>00437nam--2200157-i-4500</leader><controlfield tag="001">000009551</controlfield><controlfield tag="002">20161230</controlfield><controlfield tag="005">20170114233023</controlfield><controlfield tag="008">060222s1000------------r-----000-0-eng-d</controlfield><datafield ind1=" " ind2=" " tag="080"><subfield code="a">621.385</subfield></datafield><datafield ind1=" " ind2=" " tag="100"><subfield code="a">Bacri, Jean-Fernand</subfield></datafield><datafield ind1=" " ind2=" " tag="245"><subfield code="a">Amorcage et regimes d entretien de la de- charge capacitive resonnante</subfield><subfield code="b">these</subfield></datafield><datafield ind1=" " ind2=" " tag="260"><subfield code="a">Toulouse</subfield><subfield code="b">Faculte De Sciences</subfield><subfield code="c">1969</subfield></datafield><datafield ind1=" " ind2=" " tag="300"><subfield code="a">202 p</subfield></datafield><datafield ind1=" " ind2=" " tag="852"><subfield code="a">34360</subfield></datafield><datafield ind1=" " ind2=" " tag="CAT"><subfield code="a">SYS</subfield><subfield code="c">20170114</subfield><subfield code="h">233023</subfield></datafield></record></collection>